@article{Opper2009,
  title={The variational Gaussian approximation revisited},
  author={Opper, Manfred and Archambeau, C{\'e}dric},
  journal={Neural computation},
  volume={21},
  number={3},
  pages={786--792},
  year={2009},
  publisher={MIT Press}
}

@inproceedings{Geist2010,
  title={Statistically linearized recursive least squares},
  author={Geist, Matthieu and Pietquin, Olivier},
  booktitle={Machine Learning for Signal Processing (MLSP), 2010 IEEE International Workshop on},
  pages={272--276},
  year={2010},
  organization={IEEE}
}

@ARTICLE{Julier2004,
    author={Julier, S.J. and Uhlmann, J.K.},
    journal={Proceedings of the IEEE},
    title={Unscented filtering and nonlinear estimation},
    year={2004},
    month={Mar},
    volume={92},
    number={3},
    pages={401-422},
    keywords={Kalman filters;covariance analysis;filtering theory;nonlinear estimation;nonlinear filters;nonlinear systems;EKF;extended Kalman filter;nonlinear estimation;nonlinear systems;nonlinear transformations;unscented filtering;unscented transformation;Chemical processes;Control systems;Filtering;Kalman filters;Navigation;Nonlinear control systems;Nonlinear systems;Particle tracking;Target tracking;Vehicles},
}

@article{Bell1993,
  title={The iterated Kalman filter update as a Gauss-Newton method},
  author={Bell, Bradley M and Cathey, Frederick W},
  journal={IEEE Transactions on Automatic Control},
  volume={38},
  number={2},
  pages={294--297},
  year={1993},
  publisher={Institute of Electrical and Electronics Engineers}
}

@inproceedings{Sibley2006,
  title={The Iterated Sigma Point Kalman Filter with Applications to Long Range Stereo.},
  author={Sibley, Gabe and Sukhatme, Gaurav and Matthies, Larry},
  booktitle={Robotics: Science and Systems},
  volume={8},
  number={1},
  pages={235--244},
  year={2006}
}

@Book{Bishop2006,
  Title                    = {Pattern recognition and machine learning},
  Author                   = {Bishop, Christopher M.},
  Publisher                = {Springer New York},
  Year                     = {2006},
  Volume                   = {1},
}

@InProceedings{Wan2000,
  Title                    = {The unscented Kalman filter for nonlinear estimation},
  Author                   = {Wan, Eric A and Van Der Merwe, Rudolph},
  Booktitle                = {Adaptive Systems for Signal Processing, Communications, and Control Symposium 2000. AS-SPCC. The IEEE 2000},
  Year                     = {2000},
  Organization             = {IEEE},
  Pages                    = {153--158},
}

@book{Rasmussen2006,
  title={Gaussian processes for machine learning},
  author={Rasmussen, Carl Edward and Williams, Christopher K. I.},
  year={2006},
  publisher={The MIT Press, Cambridge, Massachusetts}
}

@ARTICLE{Jordan1999,
  author = {Jordan, Michael I. and Ghahramani, Zoubin and Jaakkola, Tommi S. 
      and Saul, Lawrence K.},
  title = {An Introduction to Variational Methods for Graphical Models},
  journal = {Machine Learning},
  year = {1999},
  volume = {37},
  pages = {183-233},
  number = {2},
  keywords = {graphical models; Bayesian networks; belief networks; probabilistic
	inference; approximate inference; variational methods; mean field
	methods; hidden Markov models; Boltzmann machines; neural networks},
  publisher = {Kluwer Academic Publishers},
}

